@article{top100,
author = {M, J},
file = {:home/antortjim/MEGA/Master/SB/exam/1999WordJMB285a.pdf:pdf},
keywords = {boston,department,duke university computer science,durham,e,explicit,explicit hydrogen atoms,h,hydrogen atoms,labean,m,ma 02114,macromolecular structure validation,massachusetts general hospital radiology,methionine rotamers,nc 27706-90129,present addresses,protein internal packing,small-probe contact dots,t,usa,zalis},
mendeley-groups = {SB exam},
title = {{Visualizing and Quantifying Molecular Goodness-of-Fit: Small-probe Contact Dots with Explicit Hydrogen Atoms}},
year = {1999}
}
@article{numpy,
author = {van der Walt, S and Colbert, S C and Varoquaux, G},
doi = {10.1109/MCSE.2011.37},
issn = {1521-9615},
journal = {Computing in Science Engineering},
keywords = {Arrays,Computational efficiency,Finite element methods,NumPy,Numerical analysis,Performance evaluation,Python,Python programming language,Resource management,Vector quantization,data structures,high level language,high level languages,mathematics computing,numerical analysis,numerical computation,numerical computations,numerical data,numpy array,programming libraries,scientific programming},
mendeley-groups = {SB exam},
number = {2},
pages = {22--30},
title = {{The NumPy Array: A Structure for Efficient Numerical Computation}},
volume = {13},
year = {2011}
}
@article{bio,
author = {Hamelryck, Thomas and Manderick, Bernard},
doi = {10.1093/bioinformatics/btg299},
journal = {Bioinformatics},
mendeley-groups = {SB exam},
number = {17},
pages = {2308},
title = {{PDB file parser and structure class implemented in Python}},
url = {+ http://dx.doi.org/10.1093/bioinformatics/btg299},
volume = {19},
year = {2003}
}
@article{rmsd,
abstract = {A simple procedure is derived which determines a best rotation of a given vector set into a second vector set by minimizing the weighted sum of squared deviations. The method is generalized for any given metric constraint on the transformation.},
author = {Kabsch, W},
doi = {10.1107/S0567739476001873},
journal = {Acta Crystallographica Section A},
mendeley-groups = {SB exam},
month = {sep},
number = {5},
pages = {922--923},
title = {{A solution for the best rotation to relate two sets of vectors}},
url = {https://doi.org/10.1107/S0567739476001873},
volume = {32},
year = {1976}
}
@article{pdb,
author = {Berman, Helen M and Westbrook, John and Feng, Zukang and Gilliland, Gary and Bhat, T N and Weissig, Helge and Shindyalov, Ilya N and Bourne, Philip E},
file = {:home/antortjim/Desktop/gkd090.pdf:pdf},
journal = {Nucleic Acids Research},
mendeley-groups = {SB exam},
number = {1},
pages = {235--242},
title = {{The Protein Data Bank}},
volume = {28},
year = {2000}
}
@misc{Junge,
author = {Junge, Alexander},
file = {:home/antortjim/MEGA/Master/SB/energy{\_}based{\_}rna{\_}structure{\_}pred.pdf:pdf},
isbn = {9781627037099},
mendeley-groups = {SB exam},
title = {{Energy Based RNA Secondary Structure Prediction}}
}
@article{pfam,
author = {Finn, Robert D and Bateman, Alex and Clements, Jody and Coggill, Penelope and Eberhardt, Ruth Y and Eddy, Sean R and Heger, Andreas and Hetherington, Kirstie and Holm, Liisa and Mistry, Jaina and Sonnhammer, Erik L L and Tate, John and Punta, Marco},
doi = {10.1093/nar/gkt1223},
journal = {Nucleic Acids Research},
mendeley-groups = {SB exam},
number = {D1},
pages = {D222},
title = {{Pfam: the protein families database}},
url = {+ http://dx.doi.org/10.1093/nar/gkt1223},
volume = {42},
year = {2013}
}


@book{ggplot2,
author = {Wickham, Hadley},
isbn = {978-0-387-98140-6},
mendeley-groups = {TFG,Practicas alimentos,SB exam},
publisher = {Springer-Verlag New York},
title = {{ggplot2: Elegant Graphics for Data Analysis}},
url = {http://had.co.nz/ggplot2/book},
year = {2009}
}
@Manual{shiny,
    title = {Shiny: Web Application Framework for R},
    author = {Winston Chang and Joe Cheng and JJ Allaire and Yihui Xie and Jonathan McPherson},
    year = {2016},
    note = {R package version 0.14.2},
    url = {https://CRAN.R-project.org/package=shiny},
  }
